<record><leader>00000cas a22000007a 4500</leader><controlfield tag="001">11081899</controlfield><controlfield tag="008">840823d1815181unyuwr n       0    0eng d</controlfield><datafield ind1=" " ind2=" " tag="010"><subfield code="a">sn 84024265 </subfield></datafield><datafield ind1=" " ind2=" " tag="040"><subfield code="a">NPV</subfield><subfield code="b">eng</subfield><subfield code="c">NPV</subfield><subfield code="d">NPX</subfield><subfield code="d">OCLCG</subfield><subfield code="d">OCLCQ</subfield></datafield><datafield ind1=" " ind2=" " tag="042"><subfield code="a">msc</subfield></datafield><datafield ind1="0" ind2=" " tag="130"><subfield code="a">Adviser (Glens Falls, N.Y. : 1815)</subfield></datafield><datafield ind1="1" ind2="4" tag="245"><subfield code="a">The adviser [sic].</subfield></datafield><datafield ind1="1" ind2="3" tag="246"><subfield code="a">Advisor</subfield></datafield><datafield ind1=" " ind2=" " tag="260"><subfield code="a">Glen's Falls [N.Y.] :</subfield><subfield code="b">L.J. Reynolds</subfield></datafield><datafield ind1=" " ind2=" " tag="300"><subfield code="a">v. ;</subfield><subfield code="c">45 cm.</subfield></datafield><datafield ind1=" " ind2=" " tag="310"><subfield code="a">Weekly</subfield></datafield><datafield ind1="0" ind2=" " tag="362"><subfield code="a">Vol. 1, no. 1 (Mar. 10, 1815)-</subfield></datafield><datafield ind1=" " ind2=" " tag="500"><subfield code="a">Last issue located: Vol. 1, no. 6 (Apr. 14, 1815). Cf. Brigham, C.S. Amer. newspapers.</subfield></datafield><datafield ind1=" " ind2=" " tag="500"><subfield code="a">References: Brigham, C.S. Amer. newspapers, p. 574.</subfield></datafield><datafield ind1="1" ind2=" " tag="700"><subfield code="a">Reynolds, Linus Junius,</subfield><subfield code="d">1790-1838.</subfield></datafield><datafield ind1=" " ind2=" " tag="752"><subfield code="a">United States</subfield><subfield code="b">New York</subfield><subfield code="c">Warren</subfield><subfield code="d">Glens Falls.</subfield></datafield><datafield ind1="1" ind2=" " tag="029"><subfield code="a">AU@</subfield><subfield code="b">000025830700</subfield></datafield></record>